
@Book{introduction, 
 author    = "Ian Morison",
 title     = "Introduction to Astronomy and Cosmology",
 publisher = "Wiley",
 year      =  2008,
 address   = "University of Manchester, UK"
}


@online{evolution, 
    url =   
    {http://www.skwirk.com/p-c_s-4_u-138_t-402_c-1414/the-big-bang-theory/nsw/the-big-bang-theory/the-big-bang-and-our-universe/the-formation}
}
@article {missing_mass,
{Babcock, H, 1939, "The rotation of the Andromeda Nebula", Lick Observatory bulletin; no. 498}
}

@article {mm,
{L. Volders. "Neutral hydrogen in M 33 and M 101". Bulletin of the Astronomical Institutes of the Netherlands 14.}
}

@online {dm_1,
	url =
{http://astroweb.case.edu/ssm/mond/mondvsDM.html}
}

@article {dm_2,
{Modified Newtonian Dynamics, an Introductory Review, Riccardo Scarpa}
}

@online{dm_3,
	url =
	{http://www.datasync.com/~rsf1/missmass.htm}
}

@article{mond,
 
	 {Milgrom, M. (1983). "A modification of the Newtonian dynamics as a possible alternative to the hidden mass hypothesis". Astrophysical Journal 270:
 }
 }

@article{mond_1,
	{Binney J. 2004, in Dark Matter in Galaxies, ASP conference series, IAUS 220, 3}
}

@article{mond_2  ,
	{ Qin B. and Zou Z. L. 1995, A\&A 296, 264 }
}
@article{mond_3 ,

{ Mortlock D. J. and Turner E. 2001, MNRAS 327, 557}
}


@online{ stanc,
	url =
{ www.atnf.csiro.au/outreach/education/senior/astrophysics/variable_cepheids.html
}
}

@online{ bin,
	url =
{  http://www.atnf.csiro.au/outreach//education/senior/astrophysics/binary_intro.html
}
}




@online{astrometric_binaries,
    url =   {http://csep10.phys.utk.edu/astr162/lect/binaries/astrometric.html}
}


@online{eclipsing_binaries,
    url =   {http://www.physics.sfasu.edu/astro/ebstar/ebstar.html}
    }
    
@online {sys,
url = {http://kepler.nasa.gov/news/nasakeplernews/index.cfm?FuseAction=ShowNews&NewsID=152}
    }
    
%    14 http://csep10.phys.utk.edu/astr162/lect/binaries/visual.html
%15  Hi KINEMATICS AND DYNAMICS OF MESSIER 31 1
%Laurent Chemin 2 , Claude Carignan 3,4 , and Tyler Foster 5